@article{petermann2020escrita,
  title={Escrita acadêmica no ensino técnico integrado ao médio: negociações em torno da escrita de um TCC},
  author={Petermann, Rafael and Jung, Neiva Maria},
  journal={Fórum Linguístico},
  volume={17},
  number={4},
  pages={5328--5342},
  year={2020},
  publisher={Universidade Federal de Santa Catarina (UFSC)}
}

@misc{zeroum,
    author={The REGISTER},
    year={2020},
    HOWPUBLISHED={\url{http://www.theregister.co.uk/2011/02/01/arm_holdings_q4_2010_numbers/}},
    NOTE={acessado em 18/03/2013}
}

@article{botelho2021praticas,
  title={Práticas de escrita na universidade: um olhar para os letramentos acadêmicos na produção do TCC},
  author={Botelho, Laura Silveira and Almeida Silva, Leonardo José},
  journal={Revista da ABRALIN},
  pages={1001--1022},
  year={2021}
}
